<?xml version="1.0" encoding="UTF-8"?><record xmlns="http://www.loc.gov/MARC21/slim" xmlns:cinclude="http://apache.org/cocoon/include/1.0" xmlns:zs="http://www.loc.gov/zing/srw/">
  <leader>00572cz  a2200133n  4500</leader>
  <controlfield tag="001">n  87846648 </controlfield>
  <controlfield tag="003">DLC</controlfield>
  <controlfield tag="005">20080417080151.0</controlfield>
  <controlfield tag="008">870723n| acannaabn          |n ana     c</controlfield>
  <datafield tag="010" ind1=" " ind2=" ">
    <subfield code="a">n  87846648 </subfield>
  </datafield>
  <datafield tag="035" ind1=" " ind2=" ">
    <subfield code="a">(OCoLC)oca01902130</subfield>
  </datafield>
  <datafield tag="040" ind1=" " ind2=" ">
    <subfield code="a">DGPO</subfield>
    <subfield code="b">eng</subfield>
    <subfield code="c">DLC</subfield>
    <subfield code="d">DLC</subfield>
    <subfield code="d">OCoLC</subfield>
  </datafield>
  <datafield tag="110" ind1="2" ind2=" ">
    <subfield code="a">U.S. Nuclear Regulatory Commission.</subfield>
    <subfield code="b">Division of Radiation Safety and Safeguards</subfield>
  </datafield>
  <datafield tag="670" ind1=" " ind2=" ">
    <subfield code="a">Caniano, R.J. Inspection report of unauthorized possession and use of unsealed Americium ... 1985:</subfield>
    <subfield code="b">t.p. (Division of Radiation Safety and Safeguards, U.S. Nuclear Regulatory Commission, Glen Ellyn, IL)</subfield>
  </datafield>
</record>